<?xml version="1.0" encoding="utf8"?>
<collection xmlns="http://www.loc.gov/MARC21/slim">
	<record>
		<leader>00000cz  a2200000n  4500</leader>
		<controlfield tag="003">FI-NL</controlfield>
		<controlfield tag="008">800101|n|anznnbabn           | ana      </controlfield>
		<datafield ind1="7" ind2=" " tag="024">
			<subfield code="a">http://www.yso.fi/onto/yso/p10</subfield>
			<subfield code="2">uri</subfield>
		</datafield>
		<datafield ind1=" " ind2=" " tag="040">
			<subfield code="a">FI-NL</subfield>
			<subfield code="b">fin</subfield>
			<subfield code="f">yso</subfield>
		</datafield>
		<datafield ind1=" " ind2=" " tag="065">
			<subfield code="a">18</subfield>
			<subfield code="c">Luonnonsuojelu. Ympäristönsuojelu. Ympäristö. Jätteet</subfield>
			<subfield code="0">http://www.yso.fi/onto/yso/p26560</subfield>
			<subfield code="2">yso</subfield>
		</datafield>
		<datafield ind1=" " ind2=" " tag="150">
			<subfield code="a">ympäristötietoisuus</subfield>
		</datafield>
		<datafield ind1=" " ind2=" " tag="550">
			<subfield code="w">g</subfield>
			<subfield code="a">tietoisuus</subfield>
			<subfield code="0">http://www.yso.fi/onto/yso/p7672</subfield>
		</datafield>
		<datafield ind1=" " ind2=" " tag="550">
			<subfield code="w">n</subfield>
			<subfield code="a">ympäristöaktivismi</subfield>
			<subfield code="0">http://www.yso.fi/onto/yso/p9</subfield>
		</datafield>
		<datafield ind1=" " ind2=" " tag="550">
			<subfield code="w">n</subfield>
			<subfield code="a">ympäristöasenteet</subfield>
			<subfield code="0">http://www.yso.fi/onto/yso/p24174</subfield>
		</datafield>
		<datafield ind1=" " ind2=" " tag="550">
			<subfield code="w">n</subfield>
			<subfield code="a">ympäristökysymykset</subfield>
			<subfield code="0">http://www.yso.fi/onto/yso/p4339</subfield>
		</datafield>
		<datafield ind1=" " ind2=" " tag="550">
			<subfield code="w">n</subfield>
			<subfield code="a">ympäristön saastuminen</subfield>
			<subfield code="0">http://www.yso.fi/onto/yso/p4340</subfield>
		</datafield>
		<datafield ind1=" " ind2=" " tag="550">
			<subfield code="w">n</subfield>
			<subfield code="a">ympäristön tila</subfield>
			<subfield code="0">http://www.yso.fi/onto/yso/p4342</subfield>
		</datafield>
		<datafield ind1=" " ind2=" " tag="550">
			<subfield code="w">n</subfield>
			<subfield code="a">ympäristönsuojelu</subfield>
			<subfield code="0">http://www.yso.fi/onto/yso/p13</subfield>
		</datafield>
		<datafield ind1=" " ind2=" " tag="688">
			<subfield code="a">Viimeksi muokattu: 2017-05-10</subfield>
		</datafield>
		<datafield ind1=" " ind2="7" tag="750">
			<subfield code="a">environmental awareness</subfield>
			<subfield code="4">EQ</subfield>
			<subfield code="2">yso/eng</subfield>
			<subfield code="0">http://www.yso.fi/onto/yso/p10</subfield>
		</datafield>
		<datafield ind1=" " ind2="7" tag="750">
			<subfield code="a">miljömedvetande</subfield>
			<subfield code="4">EQ</subfield>
			<subfield code="2">yso/swe</subfield>
			<subfield code="0">http://www.yso.fi/onto/yso/p10</subfield>
		</datafield>
	</record>