
	<record>
		<leader>00000cz  a2200000n  4500</leader>
		<controlfield tag="003">FI-NL</controlfield>
		<controlfield tag="008">800101|n|anznnbabn           | ana      </controlfield>
		<datafield ind1="7" ind2=" " tag="024">
			<subfield code="a">http://www.yso.fi/onto/yso/p100</subfield>
			<subfield code="2">uri</subfield>
		</datafield>
		<datafield ind1=" " ind2=" " tag="040">
			<subfield code="a">FI-NL</subfield>
			<subfield code="b">fin</subfield>
			<subfield code="f">yso</subfield>
		</datafield>
		<datafield ind1=" " ind2=" " tag="065">
			<subfield code="a">73</subfield>
			<subfield code="c">Sosiaalipolitiikka. Yhteiskuntapolitiikka. Sosiaaliturva. Terveydenhuolto. Asuminen</subfield>
			<subfield code="0">http://www.yso.fi/onto/yso/p26549</subfield>
			<subfield code="2">yso</subfield>
		</datafield>
		<datafield ind1=" " ind2=" " tag="150">
			<subfield code="a">elatusturva</subfield>
		</datafield>
		<datafield ind1=" " ind2=" " tag="450">
			<subfield code="a">lapsen elatus</subfield>
		</datafield>
		<datafield ind1=" " ind2=" " tag="550">
			<subfield code="w">g</subfield>
			<subfield code="a">toimeentuloturva</subfield>
			<subfield code="0">http://www.yso.fi/onto/yso/p3091</subfield>
		</datafield>
		<datafield ind1=" " ind2=" " tag="550">
			<subfield code="w">n</subfield>
			<subfield code="a">elatus</subfield>
			<subfield code="0">http://www.yso.fi/onto/yso/p97</subfield>
		</datafield>
		<datafield ind1=" " ind2=" " tag="550">
			<subfield code="w">n</subfield>
			<subfield code="a">elatusapu</subfield>
			<subfield code="0">http://www.yso.fi/onto/yso/p14639</subfield>
		</datafield>
		<datafield ind1=" " ind2=" " tag="550">
			<subfield code="w">n</subfield>
			<subfield code="a">elatustuki</subfield>
			<subfield code="0">http://www.yso.fi/onto/yso/p15745</subfield>
		</datafield>
		<datafield ind1=" " ind2=" " tag="550">
			<subfield code="w">n</subfield>
			<subfield code="a">elatusvelvollisuus</subfield>
			<subfield code="0">http://www.yso.fi/onto/yso/p99</subfield>
		</datafield>
		<datafield ind1=" " ind2=" " tag="550">
			<subfield code="w">n</subfield>
			<subfield code="a">lapsen huolto</subfield>
			<subfield code="0">http://www.yso.fi/onto/yso/p98</subfield>
		</datafield>
		<datafield ind1=" " ind2=" " tag="680">
			<subfield code="i">Tarkoittaa elatusvelvollisuuteen perustuvaa toimeentuloturvaa.</subfield>
		</datafield>
		<datafield ind1=" " ind2=" " tag="688">
			<subfield code="a">Viimeksi muokattu: 2017-05-10</subfield>
		</datafield>
		<datafield ind1=" " ind2="7" tag="750">
			<subfield code="a">security of child maintenance</subfield>
			<subfield code="4">EQ</subfield>
			<subfield code="2">yso/eng</subfield>
			<subfield code="0">http://www.yso.fi/onto/yso/p100</subfield>
		</datafield>
		<datafield ind1=" " ind2="7" tag="750">
			<subfield code="a">underhållstrygghet</subfield>
			<subfield code="4">EQ</subfield>
			<subfield code="2">yso/swe</subfield>
			<subfield code="0">http://www.yso.fi/onto/yso/p100</subfield>
		</datafield>
	</record>