
	<record>
		<leader>00000cz  a2200000n  4500</leader>
		<controlfield tag="003">FI-NL</controlfield>
		<controlfield tag="008">800101|n|anznnbabn           | ana      </controlfield>
		<datafield ind1="7" ind2=" " tag="024">
			<subfield code="a">http://www.yso.fi/onto/yso/p9999</subfield>
			<subfield code="2">uri</subfield>
		</datafield>
		<datafield ind1=" " ind2=" " tag="040">
			<subfield code="a">FI-NL</subfield>
			<subfield code="b">fin</subfield>
			<subfield code="f">yso</subfield>
		</datafield>
		<datafield ind1=" " ind2=" " tag="065">
			<subfield code="a">02</subfield>
			<subfield code="c">Filosofia</subfield>
			<subfield code="0">http://www.yso.fi/onto/yso/p26545</subfield>
			<subfield code="2">yso</subfield>
		</datafield>
		<datafield ind1=" " ind2=" " tag="150">
			<subfield code="a">reduktio (filosofia)</subfield>
		</datafield>
		<datafield ind1=" " ind2=" " tag="550">
			<subfield code="w">g</subfield>
			<subfield code="a">menetelmät</subfield>
			<subfield code="0">http://www.yso.fi/onto/yso/p1913</subfield>
		</datafield>
		<datafield ind1=" " ind2=" " tag="550">
			<subfield code="w">h</subfield>
			<subfield code="a">eideettinen reduktio</subfield>
			<subfield code="0">http://www.yso.fi/onto/yso/p29479</subfield>
		</datafield>
		<datafield ind1=" " ind2=" " tag="688">
			<subfield code="a">Viimeksi muokattu: 2018-02-22</subfield>
		</datafield>
		<datafield ind1=" " ind2="7" tag="750">
			<subfield code="a">reduction (philosophy)</subfield>
			<subfield code="4">EQ</subfield>
			<subfield code="2">yso/eng</subfield>
			<subfield code="0">http://www.yso.fi/onto/yso/p9999</subfield>
		</datafield>
		<datafield ind1=" " ind2="7" tag="750">
			<subfield code="a">reduktion (filosofi)</subfield>
			<subfield code="4">EQ</subfield>
			<subfield code="2">yso/swe</subfield>
			<subfield code="0">http://www.yso.fi/onto/yso/p9999</subfield>
		</datafield>
	</record>
</collection>
